% Encoding: UTF-8

@Article{HernandezAlava2015,
  author    = {Hern{\'a}ndez Alava, M{\'o}nica and Wailoo, Allan},
  title     = {Fitting adjusted limited dependent variable mixture models to {EQ-5D}},
  journal   = {The Stata Journal},
  year      = {2015},
  volume    = {15},
  number    = {3},
  pages     = {737--750},
  publisher = {SAGE Publications Sage CA: Los Angeles, CA},
}

@article{Dowd2014,
  title={Computation of standard errors},
  author={Dowd, Bryan E and Greene, William H and Norton, Edward C},
  journal={Health services research},
  volume={49},
  number={2},
  pages={731--750},
  year={2014},
  publisher={Wiley Online Library}
}

@Article{HernandezAlava2013,
  author    = {Hern{\'a}ndez Alava, M{\'o}nica and Wailoo, Allan and Wolfe, Fred and Michaud, Kaleb},
  title     = {The relationship between {EQ-5D}, {HAQ} and pain in patients with rheumatoid arthritis},
  journal   = {Rheumatology},
  year      = {2013},
  volume    = {52},
  number    = {5},
  pages     = {944--950},
  publisher = {Oxford University Press},
}

@Article{HernandezAlava2014,
  author    = {Hern{\'a}ndez Alava, M{\'o}nica and Wailoo, Allan and Wolfe, Fred and Michaud, Kaleb},
  title     = {A comparison of direct and indirect methods for the estimation of health utilities from clinical outcomes},
  journal   = {Medical Decision Making},
  year      = {2014},
  volume    = {34},
  number    = {7},
  pages     = {919--930},
  publisher = {Sage Publications Sage CA: Los Angeles, CA},
}

@Article{HernandezAlava2012,
  author    = {Hern{\'a}ndez Alava, M{\'o}nica and Wailoo, Allan J and Ara, Roberta},
  title     = {Tails from the peak district: adjusted limited dependent variable mixture models of {EQ-5D} questionnaire health state utility values},
  journal   = {Value in Health},
  year      = {2012},
  volume    = {15},
  number    = {3},
  pages     = {550--561},
  publisher = {Elsevier},
}

@Book{Wooldridge2010,
  title     = {Econometric analysis of cross section and panel data},
  publisher = {MIT press},
  year      = {2010},
  author    = {Wooldridge, Jeffrey M},
}

@Article{Whitmore1986,
  author    = {Whitmore, GA},
  title     = {Prediction limits for a univariate normal observation},
  journal   = {The American Statistician},
  year      = {1986},
  volume    = {40},
  number    = {2},
  pages     = {141--143},
  publisher = {Taylor \& Francis},
}

@Article{Wisloff2014,
  author    = {Wisl{\o}ff, Torbj{\o}rn and Hagen, Gunhild and Hamidi, Vida and Movik, Espen and Klemp, Marianne and Olsen, Jan Abel},
  title     = {Estimating QALY gains in applied studies: a review of cost-utility analyses published in 2010},
  journal   = {Pharmacoeconomics},
  year      = {2014},
  volume    = {32},
  number    = {4},
  pages     = {367--375},
  publisher = {Springer},
}

@Article{Lee2017,
  author  = {K.M. Lee and C.E. McCarron and S. Bryan and D. Coyle and M. Krahn and C. McCabe},
  title   = {Guidelines for the Economic Evaluation of Health Technologies: Canada},
  journal = {https://www.cadth.ca/sites/default/files/pdf/guidelines_for_the_economic_evaluation_of_health_technologies_canada_4th_ed.pdf},
  year    = {2017},
  volume  = {4th Edition},
}

@Article{NIHCE2016,
  author  = {{National Institute for Health and Care Excellence}},
  title   = {The Guidelines Manual},
  journal = {https://www.nice.org.uk/process/pmg6},
  year    = {2016},
  volume  = {Process Methods},
  number  = {pmg6},
}

@Article{Mulhern2018,
  author    = {Mulhern, Brendan and Feng, Yan and Shah, Koonal and Janssen, Mathieu F and Herdman, Michael and van Hout, Ben and Devlin, Nancy},
  title     = {Comparing the UK EQ-5D-3L and English EQ-5D-5L value sets},
  journal   = {Pharmacoeconomics},
  year      = {2018},
  volume    = {36},
  number    = {6},
  pages     = {699--713},
  publisher = {Springer},
}

@Article{NHSDigital2013,
  author  = {{NHS Digital}},
  title   = {Finalised Patient Reported Outcome Measures (PROMs) in England - April 2011 to March 2012. Patient Reported Outcome Measures (PROMs)},
  journal = {https://digital.nhs.uk/data-and-information/publications/statistical/patient-reported-outcome-measures-proms/finalised-patient-reported-outcome-measures-proms-in-england-april-2011-to-march-2012},
  year    = {2013},
  volume  = {October 15, 2013},
}

@Article{Gray2018a,
  author    = {Gray, Laura A and Wailoo, Allan J and Hern{\'a}ndez Alava, M{\'o}nica},
  title     = {Mapping the FACT-B instrument to EQ-5D-3L in patients with breast cancer using adjusted limited dependent variable mixture models versus response mapping},
  journal   = {Value in Health},
  year      = {2018},
  volume    = {21},
  number    = {12},
  pages     = {1399--1405},
  publisher = {Elsevier},
}

@Article{Gray2018,
  author    = {Gray, Laura A and Hern{\'a}ndez Alava, M{\'o}nica and Wailoo, Allan J},
  title     = {Development of methods for the mapping of utilities using mixture models: mapping the AQLQ-S to the EQ-5D-5L and the HUI3 in patients with asthma},
  journal   = {Value in Health},
  year      = {2018},
  volume    = {21},
  number    = {6},
  pages     = {748--757},
  publisher = {Elsevier},
}

@Article{Dixon2020,
  author    = {Dixon, Padraig and Hollingworth, William and Sparrow, John},
  title     = {Mapping to Quality of Life and Capability Measures in Cataract Surgery Patients: From Cat-PROM5 to EQ-5D-3L, EQ-5D-5L, and ICECAP-O Using Mixture Modelling},
  journal   = {MDM policy \& practice},
  year      = {2020},
  volume    = {5},
  number    = {1},
  pages     = {2381468320915447},
  publisher = {SAGE Publications Sage CA: Los Angeles, CA},
}

@Article{Yang2019,
  author    = {Yang, Fan and Wong, Carlos KH and Luo, Nan and Piercy, James and Moon, Rebecca and Jackson, James},
  title     = {Mapping the kidney disease quality of life 36-item short form survey (KDQOL-36) to the EQ-5D-3L and the EQ-5D-5L in patients undergoing dialysis},
  journal   = {The European Journal of Health Economics},
  year      = {2019},
  volume    = {20},
  number    = {8},
  pages     = {1195--1206},
  publisher = {Springer},
}

@Article{Xu2020,
  author    = {Xu, Richard Huan and Wong, Eliza Lai Yi and Jin, Jun and Dou, Ying and Dong, Dong},
  title     = {Mapping of the EORTC QLQ-C30 to EQ-5D-5L index in patients with lymphomas},
  journal   = {The European Journal of Health Economics},
  year      = {2020},
  volume    = {21},
  number    = {9},
  pages     = {1363--1373},
  publisher = {Springer},
}

@Article{Fuller2017,
  author    = {Fuller, Gordon Ward and Hernandez, Monica and Pallot, David and Lecky, Fiona and Stevenson, Mathew and Gabbe, Belinda},
  title     = {Health state preference weights for the Glasgow Outcome Scale following traumatic brain injury: a systematic review and mapping study},
  journal   = {Value in health},
  year      = {2017},
  volume    = {20},
  number    = {1},
  pages     = {141--151},
  publisher = {Elsevier},
}

@Article{Hvidberg2016,
  author    = {Hvidberg, Michael Falk},
  title     = {A framework for identifying disease burden and estimating health-related quality of life and prevalence rates for 199 medically defined chronic conditions},
  year      = {2016},
  publisher = {Aalborg Universitetsforlag},
}

@Article{Mukuria2019,
  author    = {Mukuria, Clara and Rowen, Donna and Harnan, Sue and Rawdin, Andrew and Wong, Ruth and Ara, Roberta and Brazier, John},
  title     = {An updated systematic review of studies mapping (or cross-walking) measures of health-related quality of life to generic preference-based measures to generate utility values},
  journal   = {Applied health economics and health policy},
  year      = {2019},
  pages     = {1--19},
  publisher = {Springer},
}

@Article{Pennington2020,
  author    = {Pennington, Becky M and Hern{\'a}ndez Alava, M{\'o}nica and Hykin, Philip and Sivaprasad, Sobha and Flight, Laura and Alshreef, Abualbishr and Brazier, John},
  title     = {Mapping From Visual Acuity to EQ-5D, EQ-5D With Vision Bolt-On, and VFQ-UI in Patients With Macular Edema in the LEAVO Trial},
  journal   = {Value in Health},
  year      = {2020},
  volume    = {23},
  number    = {7},
  pages     = {928--935},
  publisher = {Elsevier},
}

@Article{Gray2018b,
  author    = {Gray, Laura A and Hern{\'a}ndez Alava, M{\'o}nica},
  title     = {A command for fitting mixture regression models for bounded dependent variables using the beta distribution},
  journal   = {The Stata Journal},
  year      = {2018},
  volume    = {18},
  number    = {1},
  pages     = {51--75},
  publisher = {SAGE Publications Sage CA: Los Angeles, CA},
}

@Article{Dolan1997,
  author    = {Dolan, Paul},
  journal   = {Medical care},
  title     = {Modeling valuations for EuroQol health states},
  year      = {1997},
  pages     = {1095--1108},
  publisher = {JSTOR},
}

@Comment{jabref-meta: databaseType:bibtex;}
